@article{lukashin2001analysis,
  title={{Analysis of temporal gene expression profiles: clustering by simulated annealing and determining the optimal number of clusters}},
  author={Lukashin, A.V. and Fuchs, R.},
  journal={Bioinformatics},
  volume={17},
  number={5},
  pages={405},
  issn={1367-4803},
  year={2001},
  publisher={Oxford Univ Press}
}

@conference{ding2002analysis,
  title =	 {{Analysis of gene expression profiles: class
                  discovery and leaf ordering}},
  author =	 {Ding, C.H.Q.},
  booktitle =	 {Proceedings of the sixth annual international
                  conference on Computational biology},
  pages =	 {136},
  isbn =	 {1581134983},
  year =	 {2002},
  organization = {ACM}
}

@conference{halkidi2002clustering,
  title={{Clustering algorithms and validity measures}},
  author={Halkidi, M. and Batistakis, Y. and Vazirgiannis, M.},
  booktitle={Scientific and Statistical Database Management, 2001. SSDBM 2001. Proceedings. Thirteenth International Conference on},
  pages={3--22},
  isbn={0769512186},
  year={2002},
  organization={IEEE}
}

@article{alon1999broad,
  title =	 {{Broad patterns of gene expression revealed by
                  clustering analysis of tumor and normal colon
                  tissues probed by oligonucleotide arrays}},
  author =	 {Alon, U. and Barkai, N. and Notterman, DA and Gish,
                  K. and Ybarra, S. and Mack, D. and Levine, AJ},
  journal =	 {Proceedings of the National Academy of Sciences of
                  the United States of America},
  volume =	 {96},
  number =	 {12},
  pages =	 {6745},
  year =	 {1999},
  publisher =	 {National Acad Sciences}
}

@article{bandyopadhyay2007improved,
  title =	 {{An improved algorithm for clustering gene
                  expression data}},
  author =	 {Bandyopadhyay, S. and Mukhopadhyay, A. and Maulik,
                  U.},
  journal =	 {Bioinformatics},
  volume =	 23,
  number =	 21,
  pages =	 2859,
  issn =	 {1367-4803},
  year =	 2007,
  publisher =	 {Oxford Univ Press}
}

@article{ben1999clustering,
  title =	 {{Clustering gene expression patterns}},
  author =	 {Ben-Dor, A. and Shamir, R. and Yakhini, Z.},
  journal =	 {Journal of computational biology},
  volume =	 6,
  number =	 {3-4},
  pages =	 {281--297},
  issn =	 {1066-5277},
  year =	 1999,
  publisher =	 {Mary Ann Liebert, Inc.}
}

@conference{tang2002interrelated,
  title={{Interrelated two-way clustering: an unsupervised approach for gene expression data analysis}},
  author={Tang, C. and Zhang, L. and Zhang, A. and Ramanathan, M.},
  booktitle={Bioinformatics and Bioengineering Conference, 2001. Proceedings of the IEEE 2nd International Symposium on},
  pages={41--48},
  isbn={0769514235},
  year={2002},
  organization={IEEE}
}

@misc{brazma2001quick,
  author =	 {Brazma, A. and Parkinson, H. and Schlitt, T and
                  Shojatalab, M},
  title =	 {A quick introduction to elements of biology - cells,
                  molecules, genes, functional genomics, microarrays},
  month =	 oct,
  year =	 {2001},
  howpublished =
                  {\url{http://www.ebi.ac.uk/microarray/biology_intro.html}}
}

@article{horn2003novel,
  title={{Novel clustering algorithm for microarray expression data in a truncated SVD space}},
  author={Horn, D. and Axel, I.},
  journal={Bioinformatics},
  volume={19},
  number={9},
  pages={1110},
  issn={1367-4803},
  year={2003},
  publisher={Oxford Univ Press}
}

@article{dudoit2003bagging,
  title={{Bagging to improve the accuracy of a clustering procedure}},
  author={Dudoit, S. and Fridlyand, J.},
  journal={Bioinformatics},
  volume={19},
  number={9},
  pages={1090},
  issn={1367-4803},
  year={2003},
  publisher={Oxford Univ Press}
}

@article{chen2008clustering,
  title =	 {{Clustering of gene expression data with
                  quantum-behaved particle swarm optimization}},
  author =	 {Chen, W. and Sun, J. and Ding, Y. and Fang, W. and
                  Xu, W.},
  journal =	 {New Frontiers in Applied Artificial Intelligence},
  pages =	 {388--396},
  year =	 2008,
  publisher =	 {Springer}
}

@article{datta2006methods,
  title =	 {{Methods for evaluating clustering algorithms for
                  gene expression data using a reference set of
                  functional classes}},
  author =	 {Datta, S. and Datta, S.},
  journal =	 {BMC bioinformatics},
  volume =	 7,
  number =	 1,
  pages =	 397,
  issn =	 {1471-2105},
  year =	 2006,
  publisher =	 {BioMed Central Ltd}
}

@article{de2002adaptive,
  title =	 {{Adaptive quality-based clustering of gene
                  expression profiles}},
  author =	 {De Smet, F. and Mathys, J. and Marchal, K. and
                  Thijs, G. and De Moor, B. and Moreau, Y.},
  journal =	 {Bioinformatics},
  volume =	 18,
  number =	 5,
  pages =	 735,
  issn =	 {1367-4803},
  year =	 2002,
  publisher =	 {Oxford Univ Press}
}

@article{dettling2002supervised,
  title =	 {{Supervised clustering of genes}},
  author =	 {Dettling, M. and B{\\"u}hlmann, P.},
  journal =	 {Genome Biology},
  volume =	 3,
  number =	 12,
  pages =	 {1--0069},
  issn =	 {1465-6906},
  year =	 2002,
  publisher =	 {BioMed Central Ltd}
}

@article{efron1983leisurely,
  title={{A leisurely look at the bootstrap, the jackknife, and cross-validation}},
  author={Efron, B. and Gong, G.},
  journal={American Statistician},
  volume={37},
  number={1},
  pages={36--48},
  issn={0003-1305},
  year={1983},
  publisher={JSTOR}
}

@article{eisen1998cluster,
  title =	 {{Cluster analysis and display of genome-wide
                  expression patterns}},
  author =	 {Eisen, M.B. and Spellman, P.T. and Brown, P.O. and
                  Botstein, D.},
  journal =	 {Proceedings of the National Academy of Sciences of
                  the United States of America},
  volume =	 {95},
  number =	 {25},
  pages =	 {14863},
  year =	 {1998},
  publisher =	 {National Acad Sciences}
}

@article{faceli2005evaluation,
  title =	 {{Evaluation of the contents of partitions obtained
                  with clustering gene expression data}},
  author =	 {Faceli, K. and de Carvalho, A.C. and de Souto,
                  M.C.P.},
  journal =	 {Advances in Bioinformatics and Computational
                  Biology},
  pages =	 {65--76},
  year =	 2005,
  publisher =	 {Springer}
}

@conference{xiao2003gene,
  title =	 {{Gene clustering using self-organizing maps and
                  particle swarm optimization}},
  author =	 {Xiao, X. and Dow, E.R. and Eberhart, R. and Miled,
                  Z.B. and Oppelt, R.J.},
  booktitle =	 {Parallel and Distributed Processing Symposium,
                  2003. Proceedings. International},
  pages =	 {10},
  isbn =	 {0769519261},
  issn =	 {1530-2075},
  year =	 {2003},
  organization = {IEEE}
}

@article{filippone2006unsupervised,
  title =	 {{Unsupervised gene selection and clustering using
                  simulated annealing}},
  author =	 {Filippone, M. and Masulli, F. and Rovetta, S.},
  journal =	 {Fuzzy Logic and Applications},
  pages =	 {229--235},
  year =	 2006,
  publisher =	 {Springer}
}

@article{geraci2007fpf,
  title =	 {{FPF-SB: a scalable algorithm for microarray gene
                  expression data clustering}},
  author =	 {Geraci, F. and Leoncini, M. and Montangero, M. and
                  Pellegrini, M. and Renda, M.},
  journal =	 {Digital Human Modeling},
  pages =	 {606--615},
  year =	 2007,
  publisher =	 {Springer}
}

@conference{kennedy1995particle,
  title =	 {{Particle swarm optimization}},
  author =	 {Kennedy, J. and Eberhart, R.C. and others},
  booktitle =	 {Proceedings of IEEE international conference on
                  neural networks},
  volume =	 {4},
  pages =	 {1942--1948},
  year =	 {1995},
  organization = {Perth, Australia}
}

@article{getz2000coupled,
  title =	 {{Coupled two-way clustering analysis of gene
                  microarray data}},
  author =	 {Getz, G. and Levine, E. and Domany, E.},
  journal =	 {Proceedings of the National Academy of Sciences of
                  the United States of America},
  volume =	 97,
  number =	 22,
  pages =	 12079,
  year =	 2000,
  publisher =	 {National Acad Sciences}
}

@article{getz2003coupled,
  title =	 {{Coupled two-way clustering analysis of breast
                  cancer and colon cancer gene expression data}},
  author =	 {Getz, G. and Gal, H. and Kela, I. and Notterman,
                  D.A. and Domany, E.},
  journal =	 {Bioinformatics},
  volume =	 19,
  number =	 9,
  pages =	 1079,
  issn =	 {1367-4803},
  year =	 2003,
  publisher =	 {Oxford Univ Press}
}

@article{ghosh2002mixture,
  title =	 {{Mixture modelling of gene expression data from
                  microarray experiments}},
  author =	 {Ghosh, D. and Chinnaiyan, A.M.},
  journal =	 {Bioinformatics},
  volume =	 {18},
  number =	 {2},
  pages =	 {275},
  issn =	 {1367-4803},
  year =	 {2002},
  publisher =	 {Oxford Univ Press}
}

@article{herrero2001hierarchical,
  title =	 {{A hierarchical unsupervised growing neural network
                  for clustering gene expression patterns}},
  author =	 {Herrero, J. and Valencia, A. and Dopazo, J.},
  journal =	 {Bioinformatics},
  volume =	 17,
  number =	 2,
  pages =	 126,
  issn =	 {1367-4803},
  year =	 2001,
  publisher =	 {Oxford Univ Press}
}

@article{herrero2003gene,
  title =	 {{Gene expression data preprocessing}},
  author =	 {Herrero, J. and Diaz-Uriarte, R. and Dopazo, J.},
  journal =	 {Bioinformatics},
  volume =	 19,
  number =	 5,
  pages =	 655,
  issn =	 {1367-4803},
  year =	 2003,
  publisher =	 {Oxford Univ Press}
}

@article{herwig1999large,
  title =	 {{Large-scale clustering of cDNA-fingerprinting
                  data}},
  author =	 {Herwig, R. and Poustka, A.J. and M{\\"u}ller, C. and
                  Bull, C. and Lehrach, H. and O'Brien, J.},
  journal =	 {Genome research},
  volume =	 9,
  number =	 11,
  pages =	 1093,
  issn =	 {1088-9051},
  year =	 1999,
  publisher =	 {Cold Spring Harbor Lab}
}

@article{heyer1999exploring,
  title =	 {{Exploring expression data: identification and
                  analysis of coexpressed genes}},
  author =	 {Heyer, L.J. and Kruglyak, S. and Yooseph, S.},
  journal =	 {Genome research},
  volume =	 9,
  number =	 11,
  pages =	 1106,
  issn =	 {1088-9051},
  year =	 1999,
  publisher =	 {Cold Spring Harbor Lab}
}

@article{hoberman2005incompatible,
  title =	 {{The incompatible desiderata of gene cluster
                  properties}},
  author =	 {Hoberman, R. and Durand, D.},
  journal =	 {Comparative Genomics},
  pages =	 {73--87},
  year =	 2005,
  publisher =	 {Springer}
}

@article{huang2006incorporating,
  title =	 {{Incorporating biological knowledge into
                  distance-based clustering analysis of microarray
                  gene expression data}},
  author =	 {Huang, D. and Pan, W.},
  journal =	 {Bioinformatics},
  volume =	 22,
  number =	 10,
  pages =	 1259,
  issn =	 {1367-4803},
  year =	 2006,
  publisher =	 {Oxford Univ Press}
}

@conference{shamir2001algorithmic,
  title={{Algorithmic approaches to clustering gene expression data}},
  author={Shamir, R. and Sharan, R.},
  booktitle={Current Topics in Computational Biology},
  year={2001},
  organization={Citeseer}
}

@article{huberanalysis,
  title={{Analysis of microarray gene expression data}},
  author={Huber, W. and Heydebreck, A. and Vingron, M.},
  publisher={Wiley Online Library}
}

@article{jain1999data,
  title={{Data clustering: a review}},
  author={Jain, A.K. and Murty, M.N. and Flynn, P.J.},
  journal={ACM computing surveys (CSUR)},
  volume={31},
  number={3},
  pages={264--323},
  issn={0360-0300},
  year={1999},
  publisher={ACM}
}

@article{jiang2004cluster,
  title =	 {{Cluster analysis for gene expression data: A
                  survey}},
  author =	 {Jiang, D. and Tang, C. and Zhang, A.},
  journal =	 {Knowledge and Data Engineering, IEEE Transactions
                  on},
  volume =	 16,
  number =	 11,
  pages =	 {1370--1386},
  issn =	 {1041-4347},
  year =	 2004,
  publisher =	 {IEEE}
}

@article{kerr2008techniques,
  title =	 {{Techniques for clustering gene expression data}},
  author =	 {Kerr, G. and Ruskin, H.J. and Crane, M. and Doolan,
                  P.},
  journal =	 {Computers in biology and medicine},
  volume =	 38,
  number =	 3,
  pages =	 {283--293},
  issn =	 {0010-4825},
  year =	 2008,
  publisher =	 {Elsevier}
}

@article{kim2005detecting,
  title =	 {{Detecting clusters of different geometrical shapes
                  in microarray gene expression data}},
  author =	 {Kim, D.W. and Lee, K.H. and Lee, D.},
  journal =	 {Bioinformatics},
  volume =	 21,
  number =	 9,
  pages =	 1927,
  issn =	 {1367-4803},
  year =	 2005,
  publisher =	 {Oxford Univ Press}
}

@conference{tefferi2002primer,
  title={{Primer on medical genomics part III: microarray experiments and data analysis}},
  author={Tefferi, A. and Bolander, M.E. and Ansell, S.M. and Wieben, E.D. and Spelsberg, T.C.},
  booktitle={Mayo Clinic Proceedings},
  volume={77},
  number={9},
  pages={927},
  issn={0025-6196},
  year={2002},
  organization={Mayo Clinic}
}

@conference{shamir2000click,
  title={{Click: A clustering algorithm for gene expression analysis}},
  author={Shamir, R. and Sharan, R.},
  booktitle={In Proceedings of the 8th International Conference on Intelligent Systems for Molecular Biology (ISMB’00). AAAI Press},
  year={2000},
  organization={Citeseer}
}

@article{kim2005missing,
  title =	 {{Missing value estimation for DNA microarray gene
                  expression data: local least squares imputation}},
  author =	 {Kim, H. and Golub, G.H. and Park, H.},
  journal =	 {Bioinformatics},
  volume =	 21,
  number =	 2,
  pages =	 187,
  issn =	 {1367-4803},
  year =	 2005,
  publisher =	 {Oxford Univ Press}
}

@article{kohonen1982self,
  title={{Self-organization and associative memories}},
  author={Kohonen, T.},
  journal={Heidelberger: Springer},
  year={1982}
}

@article{lazzeroni2002plaid,
  title={{Plaid models for gene expression data}},
  author={Lazzeroni, L. and Owen, A.},
  journal={Statistica Sinica},
  volume={12},
  number={1},
  pages={61--86},
  issn={1017-0405},
  year={2002},
  publisher={Citeseer}
}

@article{liew2005microarray,
  title =	 {{Microarray data analysis}},
  author =	 {Liew, A. and Yan, H. and Yang, M. and Chen, Y.},
  journal =	 {Bioinformatics Technologies},
  pages =	 {353--388},
  year =	 2005,
  publisher =	 {Springer}
}

@article{lockhart1996expression,
  title =	 {{Expression monitoring by hybridization to
                  high-density oligonucleotide arrays}},
  author =	 {Lockhart, DJ and Dong, H. and Byrne, MC and others},
  journal =	 {Nat. Biotechnol},
  volume =	 14,
  pages =	 {1675--1680},
  year =	 1996
}

@article{loganantharaj2006clustering,
  title =	 {{On clustering of genes}},
  author =	 {Loganantharaj, R. and Cheepala, S. and Clifford, J.},
  journal =	 {Advances in Applied Artificial Intelligence},
  pages =	 {972--981},
  year =	 2006,
  publisher =	 {Springer}
}

@article{luo2004dynamically,
  title =	 {{A dynamically growing self-organizing tree (DGSOT)
                  for hierarchical clustering gene expression
                  profiles}},
  author =	 {Luo, F. and Khan, L. and Bastani, F. and Yen, I. and
                  others},
  journal =	 {Bioinformatics},
  issn =	 {1367-4803},
  year =	 2004,
  publisher =	 {Oxford Univ Press}
}

@article{mclachlan2002mixture,
  title={{A mixture model-based approach to the clustering of microarray expression data}},
  author={McLachlan, G.J. and Bean, RW and Peel, D.},
  journal={Bioinformatics},
  volume={18},
  number={3},
  pages={413},
  issn={1367-4803},
  year={2002},
  publisher={Oxford Univ Press}
}

@book{mclachlan2004analyzing,
  title =	 {{Analyzing microarray gene expression data}},
  author =	 {McLachlan, G.J. and Do, K.A. and Ambroise, C.},
  isbn =	 0471226165,
  year =	 2004,
  publisher =	 {Wiley-IEEE}
}

@article{pham2006analysis,
  title =	 {{Analysis of microarray gene expression data}},
  author =	 {Pham, T.D. and Wells, C. and Crane, D.I.},
  journal =	 {Current bioinformatics},
  volume =	 1,
  number =	 1,
  pages =	 {37--53},
  issn =	 {1574-8936},
  year =	 2006,
  publisher =	 {Bentham Science Publishers}
}

@conference{cheng2000biclustering,
  title =	 {{Biclustering of expression data.}},
  author =	 {Cheng, Y. and Church, G.M.},
  booktitle =	 {Proceedings/... International Conference on
                  Intelligent Systems for Molecular Biology;
                  ISMB. International Conference on Intelligent
                  Systems for Molecular Biology},
  volume =	 {8},
  pages =	 {93},
  issn =	 {1553-0833},
  year =	 {2000}
}

@article{yang2003enhanced,
  title={{Enhanced biclustering on expression data}},
  author={Yang, J. and Wang, H. and Wang, W. and Yu, P.},
  year={2003},
  publisher={IEEE Computer Society}
}

@conference{murali2002extracting,
  title =	 {{Extracting conserved gene expression motifs from
                  gene expression data}},
  author =	 {Murali, TM and Kasif, S.},
  booktitle =	 {Pacific Symposium on Biocomputing 2003: Kauai,
                  Hawaii, 3-7 January 2003},
  pages =	 {77},
  isbn =	 {9812382178},
  year =	 {2002},
  organization = {World Scientific Pub Co Inc}
}

@article{bergmann2003iterative,
  title =	 {{Iterative signature algorithm for the analysis of
                  large-scale gene expression data}},
  author =	 {Bergmann, S. and Ihmels, J. and Barkai, N.},
  journal =	 {Physical review E},
  volume =	 {67},
  number =	 {3},
  pages =	 {31902},
  issn =	 {1550-2376},
  year =	 {2003},
  publisher =	 {APS}
}

@article{tanay2002discovering,
  title =	 {{Discovering statistically significant biclusters in
                  gene expression data}},
  author =	 {Tanay, A. and Sharan, R. and Shamir, R.},
  journal =	 {Bioinformatics},
  volume =	 {18},
  number =	 {Suppl 1},
  pages =	 {S136},
  issn =	 {1367-4803},
  year =	 {2002},
  publisher =	 {Oxford Univ Press}
}
@article{prelić2006systematic,
  title =	 {{A systematic comparison and evaluation of
                  biclustering methods for gene expression data}},
  author =	 {Preli{\'c}, A. and Bleuler, S. and Zimmermann,
                  P. and Wille, A. and B{\\"u}hlmann, P. and Gruissem,
                  W. and Hennig, L. and Thiele, L. and Zitzler, E.},
  journal =	 {Bioinformatics},
  volume =	 22,
  number =	 9,
  pages =	 1122,
  issn =	 {1367-4803},
  year =	 2006,
  publisher =	 {Oxford Univ Press}
}

@article{qin2006clustering,
  title =	 {{Clustering microarray gene expression data using
                  weighted Chinese restaurant process}},
  author =	 {Qin, Z.S.},
  journal =	 {Bioinformatics},
  volume =	 22,
  number =	 16,
  pages =	 1988,
  issn =	 {1367-4803},
  year =	 2006,
  publisher =	 {Oxford Univ Press}
}

@article{rocke2009papers,
  title =	 {{Papers on normalization, variable selection,
                  classification or clustering of microarray data}},
  author =	 {Rocke, D.M. and Ideker, T. and Troyanskaya, O. and
                  Quackenbush, J. and Dopazo, J.},
  journal =	 {Bioinformatics},
  volume =	 25,
  number =	 6,
  pages =	 701,
  issn =	 {1367-4803},
  year =	 2009,
  publisher =	 {Oxford Univ Press}
}

@article{romdhane2010mining,
  title =	 {{Mining microarray gene expression data with
                  unsupervised possibilistic clustering and proximity
                  graphs}},
  author =	 {Romdhane, LB and Shili, H. and Ayeb, B.},
  journal =	 {Applied Intelligence},
  pages =	 {1--12},
  issn =	 {0924-669X},
  year =	 2010,
  publisher =	 {Springer}
}

@article{rueda2008clustering,
  title =	 {{Clustering time-series gene expression data with
                  unequal time intervals}},
  author =	 {Rueda, L. and Bari, A. and Ngom, A.},
  journal =	 {Transactions on Computational Systems Biology X},
  pages =	 {100--123},
  year =	 2008,
  publisher =	 {Springer}
}

@article{sharan2003click,
  title =	 {{CLICK and EXPANDER: a system for clustering and
                  visualizing gene expression data}},
  author =	 {Sharan, R. and Maron-Katz, A. and Shamir, R.},
  journal =	 {Bioinformatics},
  volume =	 19,
  number =	 14,
  pages =	 1787,
  issn =	 {1367-4803},
  year =	 2003,
  publisher =	 {Oxford Univ Press}
}

@article{sturn2002genesis,
  title =	 {{Genesis: cluster analysis of microarray data}},
  author =	 {Sturn, A. and Quackenbush, J. and Trajanoski, Z.},
  journal =	 {Bioinformatics},
  volume =	 18,
  number =	 1,
  pages =	 207,
  issn =	 {1367-4803},
  year =	 2002,
  publisher =	 {Oxford Univ Press}
}

@article{tavazoie1999systematic,
  title={{Systematic determination of genetic network architecture}},
  author={Tavazoie, S. and Hughes, J.D. and Campbell, M.J. and Cho, R.J. and Church, G.M.},
  journal={Nature genetics},
  volume={22},
  pages={281--285},
  issn={1061-4036},
  year={1999},
  publisher={NATURE PUBLISHING CO.}
}

@article{tamayo1999interpreting,
  title =	 {{Interpreting patterns of gene expression with
                  self-organizing maps: methods and application to
                  hematopoietic differentiation}},
  author =	 {Tamayo, P. and Slonim, D. and Mesirov, J. and Zhu,
                  Q. and Kitareewan, S. and Dmitrovsky, E. and Lander,
                  E.S. and Golub, T.R.},
  journal =	 {Proceedings of the National Academy of Sciences of
                  the United States of America},
  volume =	 {96},
  number =	 {6},
  pages =	 {2907},
  year =	 {1999},
  publisher =	 {National Acad Sciences}
}

@article{tibshiraniclustering,
  title =	 {{Clustering methods for the analysis of DNA
                  microarray data}},
  author =	 {Tibshirani, R. and Hastie, T. and Eisen, M. and
                  Ross, D. and Botstein, D. and Brown, P.},
  journal =	 {Dept. Statist., Stanford Univ., Stanford, CA,
                  Tech. Rep}
}

@article{alter2000singular,
  title =	 {{Singular value decomposition for genome-wide
                  expression data processing and modeling}},
  author =	 {Alter, O. and Brown, P.O. and Botstein, D.},
  journal =	 {Proceedings of the National Academy of Sciences of
                  the United States of America},
  volume =	 {97},
  number =	 {18},
  pages =	 {10101},
  year =	 {2000},
  publisher =	 {National Acad Sciences}
}

@article{troyanskaya2001missing,
  title =	 {{Missing value estimation methods for DNA
                  microarrays}},
  author =	 {Troyanskaya, O. and Cantor, M. and Sherlock, G. and
                  Brown, P. and Hastie, T. and Tibshirani, R. and
                  Botstein, D. and Altman, R.B.},
  journal =	 {Bioinformatics},
  volume =	 17,
  number =	 6,
  pages =	 520,
  issn =	 {1367-4803},
  year =	 2001,
  publisher =	 {Oxford Univ Press}
}

@article{qin2003kernel,
  title =	 {{Kernel hierarchical gene clustering from microarray
                  expression data}},
  author =	 {Qin, J. and Lewis, D.P. and Noble, W.S.},
  journal =	 {Bioinformatics},
  volume =	 {19},
  number =	 {16},
  pages =	 {2097},
  issn =	 {1367-4803},
  year =	 {2003},
  publisher =	 {Oxford Univ Press}
}

@article{dhillon2003diametrical,
  title={{Diametrical clustering for identifying anti-correlated gene clusters}},
  author={Dhillon, I.S. and Marcotte, E.M. and Roshan, U.},
  journal={Bioinformatics},
  volume={19},
  number={13},
  pages={1612},
  issn={1367-4803},
  year={2003},
  publisher={Oxford Univ Press}
}

@article{dembélé2003fuzzy,
  title =	 {{Fuzzy C-means method for clustering microarray
                  data}},
  author =	 {Demb{\'e}l{\'e}, D. and Kastner, P.},
  journal =	 {Bioinformatics},
  volume =	 {19},
  number =	 {8},
  pages =	 {973},
  issn =	 {1367-4803},
  year =	 {2003},
  publisher =	 {Oxford Univ Press}
}

@article{steuer2002mutual,
  title={{The mutual information: detecting and evaluating dependencies between variables}},
  author={Steuer, R. and Kurths, J. and Daub, C.O. and Weise, J. and Selbig, J.},
  journal={Bioinformatics},
  volume={18},
  number={suppl 2},
  pages={S231},
  issn={1367-4803},
  year={2002},
  publisher={Oxford Univ Press}
}

@article{xing2001cliff,
  title =	 {{CLIFF: clustering of high-dimensional microarray
                  data via iterative feature filtering using
                  normalized cuts}},
  author =	 {Xing, E.P. and Karp, R.M.},
  journal =	 {Bioinformatics},
  volume =	 17,
  number =	 {suppl 1},
  pages =	 {S306},
  issn =	 {1367-4803},
  year =	 2001,
  publisher =	 {Oxford Univ Press}
}

@article{xu2002clustering,
  title =	 {{Clustering gene expression data using a
                  graph-theoretic approach: an application of minimum
                  spanning trees}},
  author =	 {Xu, Y. and Olman, V. and Xu, D.},
  journal =	 {Bioinformatics},
  volume =	 18,
  number =	 4,
  pages =	 536,
  issn =	 {1367-4803},
  year =	 2002,
  publisher =	 {Oxford Univ Press}
}

@article{xu2005survey,
  title =	 {{Survey of clustering algorithms}},
  author =	 {Xu, R. and Wunsch, D.},
  journal =	 {IEEE Transactions on neural networks},
  volume =	 16,
  number =	 3,
  pages =	 {645--678},
  issn =	 {1045-9227},
  year =	 2005
}

@article{yeung2001model,
  title =	 {{Model-based clustering and data transformations for
                  gene expression data}},
  author =	 {Yeung, K.Y. and Fraley, C. and Murua, A. and
                  Raftery, A.E. and Ruzzo, W.L.},
  journal =	 {Bioinformatics},
  volume =	 17,
  number =	 10,
  pages =	 977,
  issn =	 {1367-4803},
  year =	 2001,
  publisher =	 {Oxford Univ Press}
}

@article{yeung2001principal,
  title =	 {{Principal component analysis for clustering gene
                  expression data}},
  author =	 {Yeung, K.Y. and Ruzzo, W.L.},
  journal =	 {Bioinformatics},
  volume =	 17,
  number =	 9,
  pages =	 763,
  issn =	 {1367-4803},
  year =	 2001,
  publisher =	 {Oxford Univ Press}
}

@conference{jiang2003dhc,
  title={{DHC: A density-based hierarchical clustering method for time series gene expression data}},
  author={Jiang, D. and Pei, J. and Zhang, A.},
  booktitle={Bioinformatics and Bioengineering, 2003. Proceedings. Third IEEE Symposium on},
  pages={393--400},
  isbn={0769519075},
  year={2003},
  organization={IEEE}
}

@conference{jiang2003interactive,
  title={{Interactive exploration of coherent patterns in time-series gene expression data}},
  author={Jiang, D. and Pei, J. and Zhang, A.},
  booktitle={Proceedings of the ninth ACM SIGKDD international conference on Knowledge discovery and data mining},
  pages={570},
  isbn={1581137370},
  year={2003},
  organization={ACM}
}

@article{yeung2001validating,
  title =	 {{Validating clustering for gene expression data}},
  author =	 {Yeung, K.Y. and Haynor, D.R. and Ruzzo, W.L.},
  journal =	 {Bioinformatics},
  volume =	 17,
  number =	 4,
  pages =	 309,
  issn =	 {1367-4803},
  year =	 2001,
  publisher =	 {Oxford Univ Press}
}

@article{zhou2007ant,
  title =	 {{Ant-MST: an ant-based minimum spanning tree for
                  gene expression data clustering}},
  author =	 {Zhou, D. and He, Y. and Kwoh, C. and Wang, H.},
  journal =	 {Pattern Recognition in Bioinformatics},
  pages =	 {198--205},
  year =	 2007,
  publisher =	 {Springer}
}